@InCollection{boulic:91,
  author = 	 {R. Boulic and O. Renault},
  title = 	 {3D Hierarchies for Animation},
  booktitle = 	 {New Trends in Animation and Visualization},
  publisher =    {John Wiley {\&} Sons ltd.},
  year = 	 {1991},
  editor = 	 {Nadia Magnenat-Thalmann and Daniel Thalmann}
}

@InCollection{smith:99,
  author = 	 {A. Smith and B. Jones},
  title = 	 {On the Complexity of Computing},
  booktitle = 	 {Advances in Computer Science},
  pages = 	 {555--566},
  publisher =    {Publishing Press},
  year = 	 {1999},
  editor = 	 {A. B. Smith-Jones}
}
@article{ALMEIDA:RAFAEL,
    author = "{ALMEIDA, RAFAEL DA COSTA et al}",
    year = 2021,
    pages = {471--478},
    title = {Decision tree as a tool in the classification of lima bean accessions.},
    volume = {},
    publisher={Revista Caatinga [online]},
    url     = {https://doi.org/10.1590/1983-21252021v34n223rc},
    journal = {}
}

@article{Simonyan,
    author = "{Simonyan et al}",
    year = "2014",
    title = "Very deep convolutional networks for large-scale image recognition.",
}

@article{JMLR:v15:srivastava14a,
  author  = {Nitish Srivastava and Geoffrey Hinton and Alex Krizhevsky and Ilya Sutskever and Ruslan Salakhutdinov},
  title   = {Dropout: A Simple Way to Prevent Neural Networks from Overfitting},
  journal = {Journal of Machine Learning Research},
  year    = {2014},
  volume  = {15},
  number  = {56},
  pages   = {1929--1958},
  url     = {http://jmlr.org/papers/v15/srivastava14a.html}
}
@article{SANTOS,
   title = {{Produtividade e morfologia de vagens e sementes de variedades de fava no Estado da Para\~A\-ba}},
   journal = {{Pesquisa Agropecu\~A!`ria Brasileira}},
   author={Santos, Djail AND Corlett, Francisco Marinaldo Fernandes AND Mendes, Jussara Ellen Morais Fraz\~A\poundso AND Wanderley J\~A\textordmasculinenior, Jos\~A\copyright Sales Alves},
   ISSN = {0100-204X},
   language = {pt},
   URL = {http://old.scielo.br/scielo.php?script=sci_arttext&pid=S0100-204X2002001000008&nrm=iso},
   volume = {37},
   year = {2002},
   month = {10},
   pages = {1407 - 1412},
   publisher = {scielo}
}
@article{zimmermann1988origem,
  title={Origem e evolu{\c{c}}{\~a}o},
  author={Zimmermann, MJ de O and Teixeira, MG},
  journal={ARA{\'U}JO, R},
  year={1996}
}
@article{vieira1992cultura,
  title={A cultura do feij{\~a}o-fava},
  author={Vieira, RF},
  journal={Informe Agropecu{\'a}rio},
  volume={16},
  number={174},
  pages={30--37},
  year={1992}
}
@article{MITCHELL,
    author = "{Mitchell et al}",
    year = 1990,
    month = {},
    pages = {417-–433},
    title = {{Machine learning. Annual review of computer science, Annual Reviews 4139 El Camino Way}},
    volume = {4},
    journal = {PO Box 10139, Palo Alto}
}

@article{Sattiarticle,
    author = "{Satti, Vijay and Satya, Anshul and Sharma, Shanu}",
    year = 2013,
    month = {04},
    pages = {874-879},
    title = {{An automatic leaf recognition system for plant identification using machine vision technology}},
    volume = {5},
    journal = {International Journal of Engineering Science and Technology (IJEST)}
}
@article{kumararticle,
    author = "{Kumar, at all, Kamble, M., Pawar, S., Patil, P., Bonde, N.}",
    year = 2011,
    pages = {538–544},
    title = {{Survey on techniques for plant leaf classification. International Journal of Modern Engineering Research}},
    volume = {1}
}
@comment{ Bishop, C. M. Pattern Recognition and Machine Learning. [S.l.]: 
           Springer, 2006. ISBN 978-0387-31073-2. }
@book{BISHOP,
 author = "Bishop, C. M.",
 title = "Pattern Recognition and Machine Learning",
 publisher = "Springer",
 year = 2006
}

@book{GONZALEZ,
    title = {{Processamento digital de imagens. 3. ed.}},
    author = "{GONZALEZ ; WOODS}",
    isbn = {9788576054016},
    series = {},
    year = 2010,
    publisher = {Pearson Prentice Hall},
    keywords = {physics}
}
@book{SOFTEX,
    author = "{SOFTEX}",
    year = 2016,
    title = {{CADERNOS TEMÁTICOS DO OBSERVATÓRIO: TIC NO AGRONEGÓCIO. Associação para Promoção da Excelência do Software Brasileiro}},
    publisher = {Campinas SP }
}
@book{resnick2016fundamentos,
    title={{Fundamentos De Fisica - Volume 4 - Optica E Fisica}},
    author="{HALLIDAY}",
    isbn={9788521630388},
    url={},
    year=2016,
    publisher={LTC}
}
@book{de2007redes,
  title={{Redes neurais artificiais: teoria e aplica{\c{c}}{\~o}es}},
  author="{Haykin, S.}",
  year=2007,
  publisher={LTC Editora Rio de Janeiro, Brazil:}
}
@misc{Fluente2019,
 author={Código Fluente},
 title  ={Código Fluente - Um blog sobre linguagem de programação C, python, R, Django, ciência de dados},
 howpublished = {\url{https://www.codigofluente.com.br/aula-08-scikit-learn-maquina-de-vetores-de-suporte/}},
 organization={Código Fluente},
 note = {Accessed: 2021-11-22},
 year={2021}
}
@misc{revistacultivar:2015,
author = {revistacultivar},
title = {Feijão-Fava (Phaseolus lunatus L.)},
month = 11,
year = {2015},
note = {Accessed: 2022-04-01},
howpublished={\url{https://revistacultivar.com.br/artigos/feijao-fava-phaseolus-lunatus-l-}}
}
@misc{Google_Colab,
    author="{Google Colab}",
    title={{Google Colab}},
    howpublished = {\url{https://colab.research.google.com/}},
    organization={google.com},
    note = {Accessed: 2022-04-01},
    year=2021,
}
@misc{IBGE,
    author="{IBGE Rio de Janeiro, RJ}",
    title={{Banco de dados agregados: pesquisas: produção agrícola municipal. Rio de Janeiro:}},
    howpublished = {\url{https://www.ibge.gov.br/}},
    organization={IBGE.org},
    note = {Accessed: 2022-05-01},
    year=2002,
}
@misc{openCV_site,
    author="{OpenCV}",
    title={{OpenCV}},
    howpublished = {\url{https://opencv.org/about/}},
    organization={OpenCV.org},
    note = {Accessed: 2022-04-01},
    year=2021,
}
@misc{Scikit_Learn,
    author="{Scikit-Learn}",
    title={{Scikit-Learn}},
    howpublished = {\url{https://scikit-learn.org/}},
    organization={scikit-learn.org},
    note = {Accessed: 2022-04-01},
    year=2021,
}
@misc{Keras,
    author="{Keras}",
    title={{Keras}},
    howpublished = {\url{https://keras.io/}},
    organization={keras.io},
    note = {Accessed: 2022-04-01},
    year=2021,
}
@misc{TensorFlow,
    author="{TensorFlow}",
    title={{TensorFlow}},
    howpublished = {\url{https://tensorflow.org/}},
    organization={tensorflow.org},
    note = {Accessed: 2022-04-01},
    year=2021,
}
@misc{erico_andre,
    author = "{Ericoandre}",
    title = {{Reconhecimento de Padrões}},
    howpublished = {\url{https://github.com/ericoandre/reconhecimento_padroes}},
    note = {} ,
    year=2021,
}
@misc{ImageNet,
    author = "{ILSVRC-201}",
    title = {{ImageNet}},
    howpublished = {\url{https://www.image-net.org/challenges/LSVRC/2014/}},
    note = {Accessed: 2022-04-01},
    year=2022,
}
@misc{DataScienceAcademy,
    author = "{Data Science Academy}",
    title = {{Deep Learning Book}},
    howpublished = {\url{https://www.deeplearningbook.com.br}},
    note = {Accessed: 2021-11-22},
    year=2021,
}
@misc{IPMA,
    author="{Ipma}",
    title={{Área educativa - SATÉLITES METEOROLÓGICOS}},
    howpublished = {\url{https://www.ipma.pt/pt/educativa/observar.tempo/index.jsp?page=satelite03.xml&print=true}},
    organization={Ipma},
    note = {Accessed: 2022-05-01},
    year=2002,
}

@article{Bergstra_James,
    author = "{Bergstra, James and Bengio, Y.}",
    year = 2012,
    month = 03,
    pages = {281-305},
    title = {{Random Search for Hyper-Parameter Optimization}},
    volume = {13},
    journal = {The Journal of Machine Learning Research}
}
@article{Klatzer,
    author = "{Klatzer and Pock}",
    year = 2015,
    month = {9-11},
    title = {{Continuous Hyper-parameter Learning for Support Vector Machines}},
    volume = {20th},
    journal = {omputer Vision Winter Workshop - Paul Wohlhart, Vincent epetit (eds.)}
}
@book{Goodfellow-et-al-2016,
    title={Deep Learning},
    author={Ian Goodfellow and Yoshua Bengio and Aaron Courville},
    publisher={MIT Press},
    note={\url{http://www.deeplearningbook.org}},
    year={2016}
}
@misc{FieldView,
    author="{FIELDVIEW}",
    title={{FieldView}},
    howpublished = {\url{https://www.cnabrasil.org.br/cna/panorama-do-agro}},
    organization={Equipe FieldView},
    note = {Accessed: 2022-04-01},
    year=2021,
}
@misc{aprendizadodemaquina,
    author="{APRENDIZADO DE MÁQUINA }",
    title={{Aprendizado De Máquina}},
    howpublished = {\url{https://aprendizadodemaquina.com/artigos/o-que-e-deep-learning/}},
    organization={2021 © Aprendizado De Máquina - Copyright},
    note = {Accessed: 2022-04-01},
    year=2021,
}


@Article{app12020593,
AUTHOR = {Khan, Muhammad Attique and Alqahtani, Abdullah and Khan, Aimal and Alsubai, Shtwai and Binbusayyis, Adel and Ch, M Munawwar Iqbal and Yong, Hwan-Seung and Cha, Jaehyuk},
TITLE = {Cucumber Leaf Diseases Recognition Using Multi Level Deep Entropy-ELM Feature Selection},
JOURNAL = {Applied Sciences},
VOLUME = {12},
YEAR = {2022},
NUMBER = {2},
ARTICLE-NUMBER = {593},
URL = {https://www.mdpi.com/2076-3417/12/2/593},
ISSN = {2076-3417}
}
@Article{hossainarticle,
    author = {Hossain, J. Amin, M. A},
    year = {2010},
    pages = {458–463},
    title = {{Leaf shape identification based plant biometrics}},
    volume = {1},
    journal = {International conference on computer and information technology (ICCIT) IEEE}
}


@inproceedings{sklearn_api,
  author    = {Lars Buitinck and Gilles Louppe and Mathieu Blondel and
               Fabian Pedregosa and Andreas Mueller and Olivier Grisel and
               Vlad Niculae and Peter Prettenhofer and Alexandre Gramfort
               and Jaques Grobler and Robert Layton and Jake VanderPlas and
               Arnaud Joly and Brian Holt and Ga{\"{e}}l Varoquaux},
  title     = {{API} design for machine learning software: experiences from the scikit-learn
               project},
  booktitle = {ECML PKDD Workshop: Languages for Data Mining and Machine Learning},
  year      = {2013},
  pages = {108--122},
}

@comment{ Vapnik, V. The Nature of Statistical Learning Theory. Springer, New 
           York, 1995. }
@book{vapnik1995nature,
 author = "Vapnik, V.",
 title = "The Nature of Statistical Learning Theory",
 publisher = "Springer, New York",
 year = 1995
}
